<?xml version="1.0" encoding="UTF-8"?><collection xmlns="http://www.loc.gov/MARC21/slim"><record><leader>00477nam--2200145-i-4500</leader><controlfield tag="001">000023461</controlfield><controlfield tag="002">20161230</controlfield><controlfield tag="005">20161230201035</controlfield><controlfield tag="008">060222s1000------------r-----000-0-eng-d</controlfield><datafield ind1=" " ind2=" " tag="080"><subfield code="a">539.125.5.164.078(047.1)</subfield></datafield><datafield ind1=" " ind2=" " tag="100"><subfield code="a">Hiismaki, P., Junttila, J., Piirto, A</subfield></datafield><datafield ind1=" " ind2=" " tag="245"><subfield code="a">Reverse time-of-flight test facility for neutron diffraction studies</subfield></datafield><datafield ind1=" " ind2=" " tag="260"><subfield code="a">Otaniemi, Finland, Technical Research Centre Of Finland, 1974, 15 P.+ 7 Fig</subfield></datafield><datafield ind1=" " ind2=" " tag="490"><subfield code="a">Reactor Laboratory</subfield></datafield><datafield ind1=" " ind2=" " tag="852"><subfield code="a">7590</subfield></datafield></record></collection>